<?xml version="1.0" encoding="UTF-8"?>
<records xmlns="http://www.openarchives.org/OAI/2.0/">
  <record>
    <header>
      <identifier>oai:mst.rochester.edu:43</identifier>
    </header>
    <metadata>
      <marc:record xmlns:marc="http://www.loc.gov/MARC21/slim" xmlns:xsi="http://www.w3.org/2001/XMLSchema-instance" xsi:schemaLocation="http://www.loc.gov/MARC21/slim http://www.loc.gov/standards/marcxml/schema/MARC21slim.xsd">
        <marc:leader>02810cas a2200649   45e0</marc:leader>
        <marc:controlfield tag="001">1560</marc:controlfield>
        <marc:controlfield tag="005">20050817132043.0</marc:controlfield>
        <marc:controlfield tag="008">750807c18499999nyumr1p       0   a0eng d</marc:controlfield>
        <marc:datafield tag="010" ind1=" " ind2=" ">
          <marc:subfield code="a">sf 78000620 //r98</marc:subfield>
        </marc:datafield>
        <marc:datafield tag="035" ind1=" " ind2=" ">
          <marc:subfield code="a">(OCoLC)1518488</marc:subfield>
        </marc:datafield>
        <marc:datafield tag="040" ind1=" " ind2=" ">
          <marc:subfield code="a">MUL</marc:subfield>
          <marc:subfield code="c">MUL</marc:subfield>
          <marc:subfield code="d">FUL</marc:subfield>
          <marc:subfield code="d">SUL</marc:subfield>
          <marc:subfield code="d">COO</marc:subfield>
          <marc:subfield code="d">DLC</marc:subfield>
          <marc:subfield code="d">NSD</marc:subfield>
          <marc:subfield code="d">DLC</marc:subfield>
          <marc:subfield code="d">SER</marc:subfield>
          <marc:subfield code="d">AIP</marc:subfield>
          <marc:subfield code="d">OCL</marc:subfield>
          <marc:subfield code="d">AIP</marc:subfield>
          <marc:subfield code="d">NST</marc:subfield>
          <marc:subfield code="d">NSD</marc:subfield>
          <marc:subfield code="d">NST</marc:subfield>
          <marc:subfield code="d">WAU</marc:subfield>
          <marc:subfield code="d">IUL</marc:subfield>
          <marc:subfield code="d">WAU</marc:subfield>
          <marc:subfield code="d">GUA</marc:subfield>
          <marc:subfield code="d">DLC</marc:subfield>
          <marc:subfield code="d">CUS</marc:subfield>
          <marc:subfield code="d">DLC</marc:subfield>
        </marc:datafield>
        <marc:datafield tag="019" ind1=" " ind2=" ">
          <marc:subfield code="a">2445082</marc:subfield>
        </marc:datafield>
        <marc:datafield tag="022" ind1=" " ind2=" ">
          <marc:subfield code="a">0004-6256</marc:subfield>
        </marc:datafield>
        <marc:datafield tag="030" ind1=" " ind2=" ">
          <marc:subfield code="a">ANJOAA</marc:subfield>
        </marc:datafield>
        <marc:datafield tag="032" ind1=" " ind2=" ">
          <marc:subfield code="a">546420</marc:subfield>
          <marc:subfield code="b">USPS</marc:subfield>
        </marc:datafield>
        <marc:datafield tag="042" ind1=" " ind2=" ">
          <marc:subfield code="a">lc</marc:subfield>
          <marc:subfield code="a">nsdp</marc:subfield>
        </marc:datafield>
        <marc:datafield tag="050" ind1="0" ind2="0">
          <marc:subfield code="a">QB1</marc:subfield>
          <marc:subfield code="b">.A3</marc:subfield>
        </marc:datafield>
        <marc:datafield tag="090" ind1=" " ind2=" ">
          <marc:subfield code="a">QB1</marc:subfield>
          <marc:subfield code="b">.A845</marc:subfield>
        </marc:datafield>
        <marc:datafield tag="049" ind1=" " ind2=" ">
          <marc:subfield code="a">RRRR</marc:subfield>
        </marc:datafield>
        <marc:datafield tag="210" ind1="0" ind2=" ">
          <marc:subfield code="a">Astron. j.</marc:subfield>
          <marc:subfield code="b">(N. Y.)</marc:subfield>
        </marc:datafield>
        <marc:datafield tag="222" ind1=" " ind2="4">
          <marc:subfield code="a">The Astronomical journal</marc:subfield>
          <marc:subfield code="b">(New York)</marc:subfield>
        </marc:datafield>
        <marc:datafield tag="245" ind1="0" ind2="4">
          <marc:subfield code="a">The Astronomical journal.</marc:subfield>
        </marc:datafield>
        <marc:datafield tag="260" ind1=" " ind2=" ">
          <marc:subfield code="a">[Woodbury, N.Y., etc.]</marc:subfield>
          <marc:subfield code="b">American Institute of Physics.</marc:subfield>
        </marc:datafield>
        <marc:datafield tag="300" ind1=" " ind2=" ">
          <marc:subfield code="a">v.</marc:subfield>
          <marc:subfield code="b">ill.</marc:subfield>
          <marc:subfield code="c">27-30 cm.</marc:subfield>
        </marc:datafield>
        <marc:datafield tag="310" ind1=" " ind2=" ">
          <marc:subfield code="a">Monthly</marc:subfield>
          <marc:subfield code="b">&lt;, Aug. 1975-&gt;</marc:subfield>
        </marc:datafield>
        <marc:datafield tag="321" ind1=" " ind2=" ">
          <marc:subfield code="a">10 no. a year</marc:subfield>
        </marc:datafield>
        <marc:datafield tag="362" ind1="0" ind2=" ">
          <marc:subfield code="a">v. 1-   Nov. 1849-</marc:subfield>
        </marc:datafield>
        <marc:datafield tag="510" ind1="1" ind2=" ">
          <marc:subfield code="a">Computer &amp; control abstracts</marc:subfield>
          <marc:subfield code="x">0036-8113</marc:subfield>
          <marc:subfield code="b">1968-</marc:subfield>
        </marc:datafield>
        <marc:datafield tag="510" ind1="1" ind2=" ">
          <marc:subfield code="a">Electrical &amp; electronics abstracts</marc:subfield>
          <marc:subfield code="x">0036-8105</marc:subfield>
          <marc:subfield code="b">1968-</marc:subfield>
        </marc:datafield>
        <marc:datafield tag="510" ind1="1" ind2=" ">
          <marc:subfield code="a">General science index</marc:subfield>
          <marc:subfield code="x">0162-1963</marc:subfield>
        </marc:datafield>
        <marc:datafield tag="510" ind1="1" ind2=" ">
          <marc:subfield code="a">Physics abstracts. Science abstracts. Series A</marc:subfield>
          <marc:subfield code="x">0036-8091</marc:subfield>
          <marc:subfield code="b">1968-</marc:subfield>
        </marc:datafield>
        <marc:datafield tag="510" ind1="1" ind2=" ">
          <marc:subfield code="a">SPIN</marc:subfield>
          <marc:subfield code="b">1970-</marc:subfield>
        </marc:datafield>
        <marc:datafield tag="510" ind1="2" ind2=" ">
          <marc:subfield code="a">Chemical abstracts</marc:subfield>
          <marc:subfield code="x">0009-2258</marc:subfield>
        </marc:datafield>
        <marc:datafield tag="510" ind1="2" ind2=" ">
          <marc:subfield code="a">Current physics index</marc:subfield>
          <marc:subfield code="x">0098-9819</marc:subfield>
        </marc:datafield>
        <marc:datafield tag="510" ind1="2" ind2=" ">
          <marc:subfield code="a">Energy research abstracts</marc:subfield>
          <marc:subfield code="x">0160-3604</marc:subfield>
        </marc:datafield>
        <marc:datafield tag="510" ind1="2" ind2=" ">
          <marc:subfield code="a">International aerospace abstracts</marc:subfield>
          <marc:subfield code="x">0020-5842</marc:subfield>
        </marc:datafield>
        <marc:datafield tag="510" ind1="2" ind2=" ">
          <marc:subfield code="a">Mathematical reviews</marc:subfield>
          <marc:subfield code="x">0025-5629</marc:subfield>
        </marc:datafield>
        <marc:datafield tag="515" ind1=" " ind2=" ">
          <marc:subfield code="a">Vol. 7 also as new ser., v. 1.</marc:subfield>
        </marc:datafield>
        <marc:datafield tag="515" ind1=" " ind2=" ">
          <marc:subfield code="a">Suspended Mar. 1861-Oct. 1866 and Oct. 1908-Nov. 1909.</marc:subfield>
        </marc:datafield>
        <marc:datafield tag="515" ind1=" " ind2=" ">
          <marc:subfield code="a">Also numbered consecutively.</marc:subfield>
        </marc:datafield>
        <marc:datafield tag="525" ind1=" " ind2=" ">
          <marc:subfield code="a">Supplements accompany some issues.</marc:subfield>
        </marc:datafield>
        <marc:datafield tag="530" ind1=" " ind2=" ">
          <marc:subfield code="a">Available on microfilm.</marc:subfield>
        </marc:datafield>
        <marc:datafield tag="530" ind1=" " ind2=" ">
          <marc:subfield code="a">Also available via the Internet (HTML, PDF, and PostScript formats).</marc:subfield>
        </marc:datafield>
        <marc:datafield tag="550" ind1=" " ind2=" ">
          <marc:subfield code="a">Published for the American Astronomical Society.</marc:subfield>
        </marc:datafield>
        <marc:datafield tag="555" ind1=" " ind2=" ">
          <marc:subfield code="a">Vols. 1-50, 1849-1944. 1 v.; v. 51-80, 1944-1975. 1 v.; v. 81-112, 1976-96. 1 v.</marc:subfield>
        </marc:datafield>
        <marc:datafield tag="580" ind1=" " ind2=" ">
          <marc:subfield code="a">Issued also in Current physics microform.</marc:subfield>
        </marc:datafield>
        <marc:datafield tag="580" ind1=" " ind2=" ">
          <marc:subfield code="a">Selected tabular data, Dec. 1992-  included in: American Astronomical Society CD-ROM series.</marc:subfield>
        </marc:datafield>
        <marc:datafield tag="590" ind1=" " ind2=" ">
          <marc:subfield code="a">Rhees Rare Books copy of v. 1: "Circular" ([2] p.), including prospectus, inserted. Inscribed to Prof. J.S. Hubbard from B.A. Gould, jr.</marc:subfield>
        </marc:datafield>
        <marc:datafield tag="590" ind1=" " ind2=" ">
          <marc:subfield code="a">Rhees Rare Books accession no.: 365206 (v. 1).</marc:subfield>
        </marc:datafield>
        <marc:datafield tag="650" ind1=" " ind2="0">
          <marc:subfield code="a">Astronomy</marc:subfield>
          <marc:subfield code="v">Periodicals.</marc:subfield>
        </marc:datafield>
        <marc:datafield tag="710" ind1="2" ind2=" ">
          <marc:subfield code="a">American Institute of Physics.</marc:subfield>
        </marc:datafield>
        <marc:datafield tag="710" ind1="2" ind2=" ">
          <marc:subfield code="a">American Astronomical Society.</marc:subfield>
        </marc:datafield>
        <marc:datafield tag="776" ind1="1" ind2=" ">
          <marc:subfield code="t">Astronomical journal (Online)</marc:subfield>
        </marc:datafield>
        <marc:datafield tag="785" ind1="0" ind2="3">
          <marc:subfield code="a">American Astronomical Society.</marc:subfield>
          <marc:subfield code="t">Bulletin - American Astronomical Society</marc:subfield>
          <marc:subfield code="x">0002-7537</marc:subfield>
          <marc:subfield code="w">(DLC)sc 78000070</marc:subfield>
          <marc:subfield code="w">(OCoLC)1479434</marc:subfield>
        </marc:datafield>
        <marc:datafield tag="787" ind1="1" ind2=" ">
          <marc:subfield code="t">Current physics microform</marc:subfield>
        </marc:datafield>
        <marc:datafield tag="787" ind1="1" ind2=" ">
          <marc:subfield code="t">American Astronomical Society CD-ROM series</marc:subfield>
          <marc:subfield code="w">(DLC)   98643399</marc:subfield>
          <marc:subfield code="w">(OCoLC)29699257</marc:subfield>
        </marc:datafield>
        <marc:datafield tag="700" ind1="1" ind2=" ">
          <marc:subfield code="a">Hubbard, Joseph Stillman,</marc:subfield>
          <marc:subfield code="d">1823-1863,</marc:subfield>
          <marc:subfield code="e">former owner.</marc:subfield>
        </marc:datafield>
        <marc:datafield tag="931" ind1=" " ind2=" ">
          <marc:subfield code="a">Text</marc:subfield>
          <marc:subfield code="5">NRU</marc:subfield>
        </marc:datafield>
        <marc:datafield tag="932" ind1=" " ind2=" ">
          <marc:subfield code="a">Language material</marc:subfield>
          <marc:subfield code="5">NRU</marc:subfield>
        </marc:datafield>
        <marc:datafield tag="933" ind1=" " ind2=" ">
          <marc:subfield code="a">Text</marc:subfield>
          <marc:subfield code="5">NRU</marc:subfield>
        </marc:datafield>
        <marc:datafield tag="935" ind1=" " ind2=" ">
          <marc:subfield code="a">Serial</marc:subfield>
          <marc:subfield code="5">NRU</marc:subfield>
        </marc:datafield>
        <marc:datafield tag="937" ind1=" " ind2=" ">
          <marc:subfield code="a">Non-Fiction</marc:subfield>
          <marc:subfield code="5">NRU</marc:subfield>
        </marc:datafield>
        <marc:datafield tag="939" ind1=" " ind2=" ">
          <marc:subfield code="a">1849-    </marc:subfield>
          <marc:subfield code="5">NRU</marc:subfield>
        </marc:datafield>
        <marc:datafield tag="941" ind1=" " ind2=" ">
          <marc:subfield code="a">eng</marc:subfield>
          <marc:subfield code="5">NRU</marc:subfield>
        </marc:datafield>
        <marc:datafield tag="943" ind1=" " ind2=" ">
          <marc:subfield code="a">English</marc:subfield>
          <marc:subfield code="5">NRU</marc:subfield>
        </marc:datafield>
        <marc:controlfield tag="003">NRU</marc:controlfield>
        <marc:datafield tag="035" ind1=" " ind2=" ">
          <marc:subfield code="a">(NRU)1560</marc:subfield>
        </marc:datafield>
        <marc:datafield tag="130" ind1="0" ind2=" ">
          <marc:subfield code="a">Astronomical journal.</marc:subfield>
        </marc:datafield>
        <marc:datafield tag="965" ind1=" " ind2="0">
          <marc:subfield code="a">Astronomy</marc:subfield>
          <marc:subfield code="5">NRU</marc:subfield>
        </marc:datafield>
        <marc:datafield tag="969" ind1=" " ind2="0">
          <marc:subfield code="v">Periodicals.</marc:subfield>
          <marc:subfield code="5">NRU</marc:subfield>
        </marc:datafield>
      </marc:record>
    </metadata>
  </record>
</records>
